@book{lee2003open,
  title={Open Source Web Development with LAMP: Using Linux, Apache, MySQL, Perl, and PHP},
  author={Lee, James and Ware, Brent},
  year={2003},
  publisher={Addison-Wesley Professional},
  isbn={9780201770612}
}

@article{torvalds1997linux,
  title={Linux: a portable operating system},
  author={Torvalds, Linus},
  journal={Master's thesis University of Helsinki Department of Computer Science Dec},
  year={1997},
  url={https://www.cs.helsinki.fi/u/kutvonen/index_files/linus.pdf}
}

@article{anderson2015docker,
  title={Docker [software engineering]},
  author={Anderson, Charles},
  journal={Ieee Software},
  volume={32},
  number={3},
  pages={102--c3},
  year={2015},
  publisher={IEEE},
  doi={10.1109/MS.2015.62}
}

@article{fielding1997apache,
  title={The Apache HTTP server project},
  author={Fielding, Roy T. and Kaiser, Gail},
  journal={IEEE Internet Computing},
  volume={1},
  number={4},
  pages={88--90},
  year={1997},
  publisher={IEEE},
  doi={10.1109/4236.612229}
}

@book{widenius2002mysql,
  title={MySQL reference manual: documentation from the source},
  author={Widenius, Michael and Axmark, David and Arno, Kaj},
  year={2002},
  publisher={" O'Reilly Media, Inc."},
  isbn={9780596002657}
}

@book{lerdorf2002programming,
  title={Programming Php},
  author={Lerdorf, Rasmus and Tatroe, Kevin and Kaehms, Bob and McGredy, Ric},
  year={2002},
  publisher={" O'Reilly Media, Inc."},
  isbn={9781565926103}
}

@online{laravel2022blade,
    title={Blade Templates},
    author={Laravel},
    year={2022},
    url={https://laravel.com/docs/9.x/blade}
}

@online{aws2022ec2,
  author = {{Amazon Web Services (AWS)}},
  title = {What is Amazon EC2?},
  year = {2022},
  url = {https://docs.aws.amazon.com/AWSEC2/latest/UserGuide/concepts.html},
}

@online{laravel2022hashing,
  title = {Hashing},
  author = {Laravel},
  year = {2022},
  url = {https://laravel.com/docs/9.x/hashing},
}

@online{amazon2022what,
  author = {{Amazon Web Services (AWS)}},
  title = {What is Amazon VPC?},
  date = {2022},
  url = {https://docs.aws.amazon.com/vpc/latest/userguide/what-is-amazon-vpc.html},
}

@incollection{shah2021create,
  title={Create EC2 Instance, Install Splunk and Configure Using Ansible},
  author={Shah, Rishabh and Shah, Vatsal},
  booktitle={Emerging Technologies in Data Mining and Information Security},
  pages={529--537},
  year={2021},
  publisher={Springer},
  isbn = {9789811315015},
}

@inproceedings{dos2018automated,
  title={Automated acceptance tests as software requirements: An experiment to compare the applicability of fit tables and gherkin language},
  author={dos Santos, Ernani C{\'e}sar and Vilain, Patr{\'\i}cia},
  booktitle={International Conference on Agile Software Development},
  pages={104--119},
  year={2018},
  organization={Springer},
  doi = {10.1007/978-3-319-91602-6_7},
}

@online{amazon2022aws,
  author = {{Amazon Web Services (AWS)}},
  title = {AWS Pricing Calculator},
  date = {2022},
  url = {https://calculator.aws},
}

@online{amazon2022amazon,
  author = {{Amazon Web Services (AWS)}},
  title = {Amazon CloudWatch - Application and Infrastructure Monitoring},
  date = {2022},
  url = {https://aws.amazon.com/cloudwatch},
}

@online{amazon2022connect,
  author = {{Amazon Web Services (AWS)}},
  title = {Connect to the internet using an internet gateway},
  date = {2022},
  url = {https://docs.aws.amazon.com/vpc/latest/userguide/VPC_Internet_Gateway.html},
}

@online{amazon2022low,
  author = {{Amazon Web Services (AWS)}},
  title = {Low-Latency Content Delivery Network (CDN) - Amazon AWS},
  date = {2022},
  url = {https://aws.amazon.com/cloudfront/},
}

@online{amazon2022cloudtrail,
  author = {{Amazon Web Services (AWS)}},
  title = {What is AWS CloudTrail?},
  date = {2022},
  url = {https://docs.aws.amazon.com/awscloudtrail/latest/userguide/cloudtrail-user-guide.html},
}

@book{thomas2000ssl,
  title={SSL and TLS essentials},
  author={Thomas, Stephen},
  year={2000},
  isbn = {9780471383543},
}

@online{amazon2022aws2,
  author = {{Amazon Web Services (AWS)}},
  title = {AWS Identity and Access Management - Amazon Web Services},
  date = {2022},
  url = {https://aws.amazon.com/iam/},
}

@online{amazon2022aws3,
  author = {{Amazon Web Services (AWS)}},
  title = {AWS Elastic Beanstalk - Deploy Web Applications},
  date = {2022},
  url = {https://aws.amazon.com/elasticbeanstalk/},
}

@article{kraemer2007human,
  title={Human errors and violations in computer and information security: The viewpoint of network administrators and security specialists},
  author={Kraemer, Sara and Carayon, Pascale},
  journal={Applied ergonomics},
  volume={38},
  number={2},
  pages={143--154},
  year={2007},
  publisher={Elsevier},
  doi = {10.1016/j.apergo.2006.03.010},
}

@online{amazon2022cloud,
  author = {{Amazon Web Services (AWS)}},
  title = {Cloud Object Storage - Amazon S3 - Amazon Web Services},
  date = {2022},
  url = {https://aws.amazon.com/s3/},
}

@online{amazon2022aws4,
  author = {{Amazon Web Services (AWS)}},
  title = {AWS Global Accelerator - Amazon Web Services},
  date = {2022},
  url = {https://aws.amazon.com/global-accelerator},
}

@incollection{cavelty2010cyber,
  title={Cyber-security},
  author={Cavelty, Myriam Dunn},
  booktitle={The routledge handbook of new security studies},
  pages={166--174},
  year={2010},
  publisher={Routledge},
  isbn = {9781135166205},
}

@online{amazon2022amazon2,
  author = {{Amazon Web Services (AWS)}},
  title = {Amazon EC2 security groups for Linux instances},
  date = {2022},
  url = {https://docs.aws.amazon.com/AWSEC2/latest/UserGuide/ec2-security-groups.html},
}
