@book{lee2003open,
  title={Open Source Web Development with LAMP: Using Linux, Apache, MySQL, Perl, and PHP},
  author={Lee, James and Ware, Brent},
  year={2003},
  publisher={Addison-Wesley Professional},
  isbn={9780201770612}
}

@article{torvalds1997linux,
  title={Linux: a portable operating system},
  author={Torvalds, Linus},
  journal={Master's thesis University of Helsinki Department of Computer Science Dec},
  year={1997},
  url={https://www.cs.helsinki.fi/u/kutvonen/index_files/linus.pdf}
}

@article{anderson2015docker,
  title={Docker [software engineering]},
  author={Anderson, Charles},
  journal={Ieee Software},
  volume={32},
  number={3},
  pages={102--c3},
  year={2015},
  publisher={IEEE},
  doi={10.1109/MS.2015.62}
}

@article{fielding1997apache,
  title={The Apache HTTP server project},
  author={Fielding, Roy T. and Kaiser, Gail},
  journal={IEEE Internet Computing},
  volume={1},
  number={4},
  pages={88--90},
  year={1997},
  publisher={IEEE},
  doi={10.1109/4236.612229}
}

@book{widenius2002mysql,
  title={MySQL reference manual: documentation from the source},
  author={Widenius, Michael and Axmark, David and Arno, Kaj},
  year={2002},
  publisher={" O'Reilly Media, Inc."},
  isbn={9780596002657}
}

@book{lerdorf2002programming,
  title={Programming Php},
  author={Lerdorf, Rasmus and Tatroe, Kevin and Kaehms, Bob and McGredy, Ric},
  year={2002},
  publisher={" O'Reilly Media, Inc."},
  isbn={9781565926103}
}

@online{laravel2022blade,
    title={Blade Templates},
    author={Laravel},
    year={2022},
    url={https://laravel.com/docs/9.x/blade}
}

@online{aws2022ec2,
  author = {{Amazon Web Services (AWS)}},
  title = {What is Amazon EC2?},
  year = {2022},
  url = {https://docs.aws.amazon.com/AWSEC2/latest/UserGuide/concepts.html},
}

@online{laravel2022hashing,
  title = {Hashing},
  author = {Laravel},
  year = {2022},
  url = {https://laravel.com/docs/9.x/hashing},
}

@online{amazon2022what,
  author = {{Amazon Web Services (AWS)}},
  title = {What is Amazon VPC?},
  date = {2022},
  url = {https://docs.aws.amazon.com/vpc/latest/userguide/what-is-amazon-vpc.html},
}
